@article{bezerra2017abordagem,
  title={Uma abordagem baseada em tipicidade e excentricidade para agrupamento e classifica{\c{c}}{\~a}o de streams de dados},
  author={Bezerra, Clauber Gomes},
  year={2017},
  publisher={Brasil}
}

@article{silva2013data,
  title={Data stream clustering: A survey},
  author={Silva, Jonathan A and Faria, Elaine R and Barros, Rodrigo C and Hruschka, Eduardo R and De Carvalho, Andre CPLF and Gama, Jo{\~a}o},
  journal={ACM Computing Surveys (CSUR)},
  volume={46},
  number={1},
  pages={13},
  year={2013},
  publisher={ACM}
}

@article{costa2014real,
  title={Real-time fault detection using recursive density estimation},
  author={Costa, Bruno Sielly Jales and Angelov, Plamen Parvanov and Guedes, Luiz Affonso},
  journal={Journal of Control, Automation and Electrical Systems},
  volume={25},
  number={4},
  pages={428--437},
  year={2014},
  publisher={Springer}
}

@article{costa2015fully,
  title={Fully unsupervised fault detection and identification based on recursive density estimation and self-evolving cloud-based classifier},
  author={Costa, Bruno Sielly Jales and Angelov, Plamen Parvanov and Guedes, Luiz Affonso},
  journal={Neurocomputing},
  volume={150},
  pages={289--303},
  year={2015},
  publisher={Elsevier}
}

@inproceedings{costa2014new,
  title={A new unsupervised approach to fault detection and identification},
  author={Costa, Bruno Sielly Jales and Angelov, Plamen Parvanov and Guedes, Luiz Affonso},
  booktitle={Neural Networks (IJCNN), 2014 International Joint Conference on},
  pages={1557--1564},
  year={2014},
  organization={IEEE}
}

@book{angelov2012autonomous,
  title={Autonomous learning systems: from data streams to knowledge in real-time},
  author={Angelov, Plamen},
  year={2012},
  publisher={John Wiley \& Sons},
  address={s.l.}
}


@article{downs1993plant,
  title={A plant-wide industrial process control problem},
  author={Downs, James J and Vogel, Ernest F},
  journal={Computers \& chemical engineering},
  volume={17},
  number={3},
  pages={245--255},
  year={1993},
  publisher={Elsevier}
}

@inproceedings{angelov2014anomaly,
  title={Anomaly detection based on eccentricity analysis},
  author={Angelov, Plamen},
  booktitle={Evolving and Autonomous Learning Systems (EALS), 2014 IEEE Symposium on},
  pages={1--8},
  year={2014},
  organization={IEEE},
  address={s.l.},
  publisher={IEEE}
}